%% This BibTeX bibliography file was created using BibDesk.
%% https://bibdesk.sourceforge.io/

%% Created for Alvaro Martinez Arranz at 2025-07-17 18:49:04 +0200 


%% Saved with string encoding Unicode (UTF-8) 



@article{comuving_yo,
	adsnote = {Provided by the SAO/NASA Astrophysics Data System},
	adsurl = {https://ui.adsabs.harvard.edu/abs/2024A&A...683A...3M},
	author = {{Mart{\'\i}nez-Arranz}, {\'A}. and {Sch{\"o}del}, R. and {Nogueras-Lara}, F. and {Hosek}, M.~W. and {Najarro}, F.},
	date-added = {2025-07-17 18:48:47 +0200},
	date-modified = {2025-07-17 18:48:59 +0200},
	doi = {10.1051/0004-6361/202347937},
	eid = {A3},
	journal = {\aap},
	keywords = {proper motions, Galaxy: center, Galaxy: structure, infrared: general},
	month = mar,
	pages = {A3},
	title = {{Co-moving groups around massive stars in the nuclear stellar disk}},
	volume = {683},
	year = 2024,
	bdsk-url-1 = {https://doi.org/10.1051/0004-6361/202347937}}

@article{Paco_B1,
	adsnote = {Provided by the SAO/NASA Astrophysics Data System},
	adsurl = {https://ui.adsabs.harvard.edu/abs/2022NatAs...6.1178N},
	archiveprefix = {arXiv},
	author = {{Nogueras-Lara}, Francisco and {Sch{\"o}del}, Rainer and {Neumayer}, Nadine},
	date-added = {2025-07-17 18:46:33 +0200},
	date-modified = {2025-07-17 18:46:33 +0200},
	doi = {10.1038/s41550-022-01755-3},
	eprint = {2207.02227},
	journal = {Nature Astronomy},
	keywords = {Astrophysics - Astrophysics of Galaxies},
	month = aug,
	pages = {1178-1184},
	primaryclass = {astro-ph.GA},
	title = {{Detection of an excess of young stars in the Galactic Centre Sagittarius B1 region}},
	volume = {6},
	year = 2022,
	bdsk-url-1 = {https://doi.org/10.1038/s41550-022-01755-3}}

@article{paco_exctinction,
	adsnote = {Provided by the SAO/NASA Astrophysics Data System},
	adsurl = {https://ui.adsabs.harvard.edu/abs/2019A&A...630L...3N},
	archiveprefix = {arXiv},
	author = {{Nogueras-Lara}, F. and {Sch{\"o}del}, R. and {Najarro}, F. and {Gallego-Calvente}, A.~T. and {Gallego-Cano}, E. and {Shahzamanian}, B. and {Neumayer}, N.},
	date-added = {2025-07-17 18:46:33 +0200},
	date-modified = {2025-07-17 18:46:33 +0200},
	doi = {10.1051/0004-6361/201936322},
	eid = {L3},
	eprint = {1909.02494},
	journal = {\aap},
	keywords = {Galaxy: nucleus, dust, extinction, Galaxy: center, stars: horizontal-branch, Astrophysics - Solar and Stellar Astrophysics, Astrophysics - Astrophysics of Galaxies},
	month = oct,
	pages = {L3},
	primaryclass = {astro-ph.SR},
	title = {{Variability of the near-infrared extinction curve towards the Galactic centre}},
	volume = {630},
	year = 2019,
	bdsk-url-1 = {https://doi.org/10.1051/0004-6361/201936322}}

@article{paco_NSD,
	adsnote = {Provided by the SAO/NASA Astrophysics Data System},
	adsurl = {https://ui.adsabs.harvard.edu/abs/2022A&A...668L...8N},
	archiveprefix = {arXiv},
	author = {{Nogueras-Lara}, F.},
	date-added = {2025-07-17 18:46:33 +0200},
	date-modified = {2025-07-17 18:46:33 +0200},
	doi = {10.1051/0004-6361/202244934},
	eid = {L8},
	eprint = {2212.00047},
	journal = {\aap},
	keywords = {Galaxy: nucleus, Galaxy: center, Galaxy: structure, dust, extinction, infrared: stars, proper motions, Astrophysics - Astrophysics of Galaxies},
	month = dec,
	pages = {L8},
	primaryclass = {astro-ph.GA},
	title = {{A first glimpse at the line-of-sight structure of the Milky Way's nuclear stellar disc}},
	volume = {668},
	year = 2022,
	bdsk-url-1 = {https://doi.org/10.1051/0004-6361/202244934}}

@article{Paco_SgrC,
	adsnote = {Provided by the SAO/NASA Astrophysics Data System},
	adsurl = {https://ui.adsabs.harvard.edu/abs/2024arXiv240107900N},
	archiveprefix = {arXiv},
	author = {{Nogueras-Lara}, Francisco},
	date-added = {2025-07-17 18:46:33 +0200},
	date-modified = {2025-07-17 18:46:33 +0200},
	doi = {10.48550/arXiv.2401.07900},
	eid = {arXiv:2401.07900},
	eprint = {2401.07900},
	journal = {arXiv e-prints},
	keywords = {Astrophysics - Astrophysics of Galaxies},
	month = jan,
	pages = {arXiv:2401.07900},
	primaryclass = {astro-ph.GA},
	title = {{Hunting young stars in the Galactic centre. Hundreds of thousands of solar masses of young stars in the Sagittarius C region}},
	year = 2024,
	bdsk-url-1 = {https://doi.org/10.48550/arXiv.2401.07900}}

@article{cluster_dissolution,
	adsnote = {Provided by the SAO/NASA Astrophysics Data System},
	adsurl = {https://ui.adsabs.harvard.edu/abs/2014MNRAS.440.3370K},
	archiveprefix = {arXiv},
	author = {{Kruijssen}, J.~M. Diederik and {Longmore}, Steven N. and {Elmegreen}, Bruce G. and {Murray}, Norman and {Bally}, John and {Testi}, Leonardo and {Kennicutt}, Robert C.},
	date-added = {2025-07-17 18:45:41 +0200},
	date-modified = {2025-07-17 18:45:41 +0200},
	doi = {10.1093/mnras/stu494},
	eprint = {1303.6286},
	journal = {\mnras},
	keywords = {stars: formation, Galaxy: centre, galaxies: evolution, galaxies: ISM, galaxies: starburst, galaxies: star formation, Astrophysics - Astrophysics of Galaxies, Astrophysics - Cosmology and Nongalactic Astrophysics},
	month = jun,
	number = {4},
	pages = {3370-3391},
	primaryclass = {astro-ph.GA},
	title = {{What controls star formation in the central 500 pc of the Galaxy?}},
	volume = {440},
	year = 2014,
	bdsk-file-1 = {YnBsaXN0MDDSAQIDBFxyZWxhdGl2ZVBhdGhYYm9va21hcmtfEDEuLi8uLi8uLi9QYXJhX2xlZXIvZ2VuZXJhbC9jbHVzdGVyX2Rpc29sdXRpb24ucGRmTxEENGJvb2s0BAAAAAAEEDAAAAAAAAAAAAAAAAAAAAAAAAAAAAAAAAAAAAAAAAAAAAAAADADAAAFAAAAAQEAAFVzZXJzAAAACQAAAAEBAABhbWFydGluZXoAAAAHAAAAAQEAAERlc2t0b3AAAwAAAAEBAABQaEQACQAAAAEBAABQYXJhX2xlZXIAAAAHAAAAAQEAAGdlbmVyYWwAFgAAAAEBAABjbHVzdGVyX2Rpc29sdXRpb24ucGRmAAAcAAAAAQYAAAQAAAAUAAAAKAAAADgAAABEAAAAWAAAAGgAAAAIAAAABAMAAB1CAAAAAAAACAAAAAQDAACEFwQAAAAAAAgAAAAEAwAAW8EEAAAAAAAIAAAABAMAAHXHBAAAAAAACAAAAAQDAAAyRgcAAAAAAAgAAAAEAwAA80YHAAAAAAAIAAAABAMAACxHBwAAAAAAHAAAAAEGAACsAAAAvAAAAMwAAADcAAAA7AAAAPwAAAAMAQAACAAAAAAEAABBxR45ngAAABgAAAABAgAAAQAAAAAAAAAPAAAAAAAAAAAAAAAAAAAACAAAAAQDAAAFAAAAAAAAAAQAAAADAwAA9QEAAAgAAAABCQAAZmlsZTovLy8MAAAAAQEAAE1hY2ludG9zaCBIRAgAAAAEAwAAACBFjNABAAAIAAAAAAQAAEHGc4gsgAAAJAAAAAEBAABGRjQ5OUE0NS1EOUQ2LTRFNEUtQUJBQS05OTg5RjIxODVCMzQYAAAAAQIAAIEAAAABAAAA7xMAAAEAAAAAAAAAAAAAAAEAAAABAQAALwAAAAAAAAABBQAA9wAAAAECAABhZGNlNTUwZGVlMmU4YzVhMzMxNzZhMmNmNjFiNmExNzlmNDcxNjY0MmFhZWM5M2FmYjNkYzdjMjMyZWQ2NGYzOzAwOzAwMDAwMDAwOzAwMDAwMDAwOzAwMDAwMDAwOzAwMDAwMDAwMDAwMDAwMjA7Y29tLmFwcGxlLmFwcC1zYW5kYm94LnJlYWQtd3JpdGU7MDE7MDEwMDAwMGY7MDAwMDAwMDAwMDA3NDcyYzs1ODsvdXNlcnMvYW1hcnRpbmV6L2Rlc2t0b3AvcGhkL3BhcmFfbGVlci9nZW5lcmFsL2NsdXN0ZXJfZGlzb2x1dGlvbi5wZGYAAMwAAAD+////AQAAAAAAAAAQAAAABBAAAIgAAAAAAAAABRAAABwBAAAAAAAAEBAAAFABAAAAAAAAQBAAAEABAAAAAAAAAiAAABwCAAAAAAAABSAAAIwBAAAAAAAAECAAAJwBAAAAAAAAESAAANABAAAAAAAAEiAAALABAAAAAAAAEyAAAMABAAAAAAAAICAAAPwBAAAAAAAAMCAAACgCAAAAAAAAAcAAAHABAAAAAAAAEcAAABQAAAAAAAAAEsAAAIABAAAAAAAAgPAAADACAAAAAAAAAAgADQAaACMAVwAAAAAAAAIBAAAAAAAAAAUAAAAAAAAAAAAAAAAAAASP},
	bdsk-url-1 = {https://doi.org/10.1093/mnras/stu494}}

@article{dissolve_GC,
	author = {Portegies Zwart, Simon and Makino, Jun and McMillan, Stephen and Hut, Piet},
	date-added = {2025-07-17 18:45:41 +0200},
	date-modified = {2025-07-17 18:45:41 +0200},
	doi = {10.1086/324141},
	journal = {The Astrophysical Journal},
	month = {02},
	title = {The Lives and Deaths of Star Clusters near the Galactic Center},
	volume = {565},
	year = {2001},
	bdsk-file-1 = {YnBsaXN0MDDSAQIDBFxyZWxhdGl2ZVBhdGhYYm9va21hcmtfECguLi8uLi8uLi9QYXJhX2xlZXIvZ2VuZXJhbC9ad2FydDIwMDIucGRmTxEEJGJvb2skBAAAAAAEEDAAAAAAAAAAAAAAAAAAAAAAAAAAAAAAAAAAAAAAAAAAAAAAACADAAAFAAAAAQEAAFVzZXJzAAAACQAAAAEBAABhbWFydGluZXoAAAAHAAAAAQEAAERlc2t0b3AAAwAAAAEBAABQaEQACQAAAAEBAABQYXJhX2xlZXIAAAAHAAAAAQEAAGdlbmVyYWwADQAAAAEBAABad2FydDIwMDIucGRmAAAAHAAAAAEGAAAEAAAAFAAAACgAAAA4AAAARAAAAFgAAABoAAAACAAAAAQDAAAdQgAAAAAAAAgAAAAEAwAAhBcEAAAAAAAIAAAABAMAAFvBBAAAAAAACAAAAAQDAAB1xwQAAAAAAAgAAAAEAwAAMkYHAAAAAAAIAAAABAMAAPNGBwAAAAAACAAAAAQDAAAkRwcAAAAAABwAAAABBgAApAAAALQAAADEAAAA1AAAAOQAAAD0AAAABAEAAAgAAAAABAAAQcUBOTMAAAAYAAAAAQIAAAEAAAAAAAAADwAAAAAAAAAAAAAAAAAAAAgAAAAEAwAABQAAAAAAAAAEAAAAAwMAAPUBAAAIAAAAAQkAAGZpbGU6Ly8vDAAAAAEBAABNYWNpbnRvc2ggSEQIAAAABAMAAAAgRYzQAQAACAAAAAAEAABBxnOILIAAACQAAAABAQAARkY0OTlBNDUtRDlENi00RTRFLUFCQUEtOTk4OUYyMTg1QjM0GAAAAAECAACBAAAAAQAAAO8TAAABAAAAAAAAAAAAAAABAAAAAQEAAC8AAAAAAAAAAQUAAO4AAAABAgAAYTBhZDQ5YTFmZGZiYTk3ZGMxNzk2OTUxOTg0YzM2Nzc5MzM2NDQwNTViMGVhYWY2YzVjMjBjODU4NDVkNzZlOTswMDswMDAwMDAwMDswMDAwMDAwMDswMDAwMDAwMDswMDAwMDAwMDAwMDAwMDIwO2NvbS5hcHBsZS5hcHAtc2FuZGJveC5yZWFkLXdyaXRlOzAxOzAxMDAwMDBmOzAwMDAwMDAwMDAwNzQ3MjQ7NTg7L3VzZXJzL2FtYXJ0aW5lei9kZXNrdG9wL3BoZC9wYXJhX2xlZXIvZ2VuZXJhbC96d2FydDIwMDIucGRmAAAAzAAAAP7///8BAAAAAAAAABAAAAAEEAAAgAAAAAAAAAAFEAAAFAEAAAAAAAAQEAAASAEAAAAAAABAEAAAOAEAAAAAAAACIAAAFAIAAAAAAAAFIAAAhAEAAAAAAAAQIAAAlAEAAAAAAAARIAAAyAEAAAAAAAASIAAAqAEAAAAAAAATIAAAuAEAAAAAAAAgIAAA9AEAAAAAAAAwIAAAIAIAAAAAAAABwAAAaAEAAAAAAAARwAAAFAAAAAAAAAASwAAAeAEAAAAAAACA8AAAKAIAAAAAAAAACAANABoAIwBOAAAAAAAAAgEAAAAAAAAABQAAAAAAAAAAAAAAAAAABHY=},
	bdsk-url-1 = {https://doi.org/10.1086/324141}}

@article{paco_nature_2020,
	adsnote = {Provided by the SAO/NASA Astrophysics Data System},
	adsurl = {https://ui.adsabs.harvard.edu/abs/2020NatAs...4..377N},
	archiveprefix = {arXiv},
	author = {{Nogueras-Lara}, Francisco and {Sch{\"o}del}, Rainer and {Gallego-Calvente}, Aurelia Teresa and {Gallego-Cano}, Eulalia and {Shahzamanian}, Banafsheh and {Dong}, Hui and {Neumayer}, Nadine and {Hilker}, Michael and {Najarro}, Francisco and {Nishiyama}, Shogo and {Feldmeier-Krause}, Anja and {Girard}, Julien H.~V. and {Cassisi}, Santi},
	date-added = {2025-07-17 18:44:20 +0200},
	date-modified = {2025-07-17 18:44:20 +0200},
	doi = {10.1038/s41550-019-0967-9},
	eprint = {1910.06968},
	journal = {Nature Astronomy},
	keywords = {Astrophysics - Astrophysics of Galaxies, Astrophysics - Solar and Stellar Astrophysics},
	month = jan,
	pages = {377-381},
	primaryclass = {astro-ph.GA},
	title = {{Early formation and recent starburst activity in the nuclear disk of the Milky Way}},
	volume = {4},
	year = 2020,
	bdsk-url-1 = {https://doi.org/10.1038/s41550-019-0967-9}}

@article{three_cepheids,
	adsnote = {Provided by the SAO/NASA Astrophysics Data System},
	adsurl = {https://ui.adsabs.harvard.edu/abs/2011Natur.477..188M},
	archiveprefix = {arXiv},
	author = {{Matsunaga}, Noriyuki and {Kawadu}, Takahiro and {Nishiyama}, Shogo and {Nagayama}, Takahiro and {Kobayashi}, Naoto and {Tamura}, Motohide and {Bono}, Giuseppe and {Feast}, Michael W. and {Nagata}, Tetsuya},
	date-added = {2025-07-17 18:43:07 +0200},
	date-modified = {2025-07-17 18:43:07 +0200},
	doi = {10.1038/nature10359},
	eprint = {1111.6359},
	journal = {\nat},
	keywords = {Astrophysics - Solar and Stellar Astrophysics, Astrophysics - Galaxy Astrophysics},
	month = sep,
	number = {7363},
	pages = {188-190},
	primaryclass = {astro-ph.SR},
	title = {{Three classical Cepheid variable stars in the nuclear bulge of the Milky Way}},
	volume = {477},
	year = 2011,
	bdsk-url-1 = {https://doi.org/10.1038/nature10359}}

@article{Ban_catalog,
	adsnote = {Provided by the SAO/NASA Astrophysics Data System},
	adsurl = {https://ui.adsabs.harvard.edu/abs/2022A&A...662A..11S},
	archiveprefix = {arXiv},
	author = {{Shahzamanian}, B. and {Sch{\"o}del}, R. and {Nogueras-Lara}, F. and {Mart{\'\i}nez-Arranz}, A. and {Sormani}, M.~C. and {Gallego-Calvente}, A.~T. and {Gallego-Cano}, E. and {Alburai}, A.},
	date-added = {2025-07-17 18:42:37 +0200},
	date-modified = {2025-07-17 18:42:37 +0200},
	doi = {10.1051/0004-6361/202142687},
	eid = {A11},
	eprint = {2108.11847},
	journal = {\aap},
	keywords = {Galaxy: center, Galaxy: structure, infrared: general, proper motions, Astrophysics - Astrophysics of Galaxies},
	month = jun,
	pages = {A11},
	primaryclass = {astro-ph.GA},
	title = {{A proper motion catalogue for the Milky Way's nuclear stellar disc}},
	volume = {662},
	year = 2022,
	bdsk-file-1 = {YnBsaXN0MDDSAQIDBFxyZWxhdGl2ZVBhdGhYYm9va21hcmtfEHAuLi8uLi8uLi9QYXJhX2xlZXIvQmFuL0FfcHJvcGVyX21vdGlvbl9jYXRhbG9ndWVfZm9yX3RoZV9NaWxreV9XYXlfc19OdWNsZWFyX1N0ZWxsYXJfRGlzY19CYW5fcmVmZXJlZV9wb2ludHMucGRmTxEEtGJvb2u0BAAAAAAEEDAAAAAAAAAAAAAAAAAAAAAAAAAAAAAAAAAAAAAAAAAAAAAAALADAAAFAAAAAQEAAFVzZXJzAAAACQAAAAEBAABhbWFydGluZXoAAAAHAAAAAQEAAERlc2t0b3AAAwAAAAEBAABQaEQACQAAAAEBAABQYXJhX2xlZXIAAAADAAAAAQEAAEJhbgBZAAAAAQEAAEFfcHJvcGVyX21vdGlvbl9jYXRhbG9ndWVfZm9yX3RoZV9NaWxreV9XYXlfc19OdWNsZWFyX1N0ZWxsYXJfRGlzY19CYW5fcmVmZXJlZV9wb2ludHMucGRmAAAAHAAAAAEGAAAEAAAAFAAAACgAAAA4AAAARAAAAFgAAABkAAAACAAAAAQDAAAdQgAAAAAAAAgAAAAEAwAAhBcEAAAAAAAIAAAABAMAAFvBBAAAAAAACAAAAAQDAAB1xwQAAAAAAAgAAAAEAwAAMkYHAAAAAAAIAAAABAMAADdGBwAAAAAACAAAAAQDAAA9RgcAAAAAABwAAAABBgAA7AAAAPwAAAAMAQAAHAEAACwBAAA8AQAATAEAAAgAAAAABAAAQcPMumkAAAAYAAAAAQIAAAEAAAAAAAAADwAAAAAAAAAAAAAAAAAAAAgAAAAEAwAABQAAAAAAAAAEAAAAAwMAAPUBAAAIAAAAAQkAAGZpbGU6Ly8vDAAAAAEBAABNYWNpbnRvc2ggSEQIAAAABAMAAAAgRYzQAQAACAAAAAAEAABBxnOILIAAACQAAAABAQAARkY0OTlBNDUtRDlENi00RTRFLUFCQUEtOTk4OUYyMTg1QjM0GAAAAAECAACBAAAAAQAAAO8TAAABAAAAAAAAAAAAAAABAAAAAQEAAC8AAAAAAAAAAQUAADYBAAABAgAAYzkyZGM1NzljODNkM2JlMDI2MjQ3OGE2NjI5YTY1ZmViNGM1NWJhOTA1NGU2MGU1YTNhYzJlYTVjMDhmNzg5MzswMDswMDAwMDAwMDswMDAwMDAwMDswMDAwMDAwMDswMDAwMDAwMDAwMDAwMDIwO2NvbS5hcHBsZS5hcHAtc2FuZGJveC5yZWFkLXdyaXRlOzAxOzAxMDAwMDBmOzAwMDAwMDAwMDAwNzQ2M2Q7NTg7L3VzZXJzL2FtYXJ0aW5lei9kZXNrdG9wL3BoZC9wYXJhX2xlZXIvYmFuL2FfcHJvcGVyX21vdGlvbl9jYXRhbG9ndWVfZm9yX3RoZV9taWxreV93YXlfc19udWNsZWFyX3N0ZWxsYXJfZGlzY19iYW5fcmVmZXJlZV9wb2ludHMucGRmAAAAzAAAAP7///8BAAAAAAAAABAAAAAEEAAAyAAAAAAAAAAFEAAAXAEAAAAAAAAQEAAAkAEAAAAAAABAEAAAgAEAAAAAAAACIAAAXAIAAAAAAAAFIAAAzAEAAAAAAAAQIAAA3AEAAAAAAAARIAAAEAIAAAAAAAASIAAA8AEAAAAAAAATIAAAAAIAAAAAAAAgIAAAPAIAAAAAAAAwIAAAaAIAAAAAAAABwAAAsAEAAAAAAAARwAAAFAAAAAAAAAASwAAAwAEAAAAAAACA8AAAcAIAAAAAAAAACAANABoAIwCWAAAAAAAAAgEAAAAAAAAABQAAAAAAAAAAAAAAAAAABU4=},
	bdsk-url-1 = {https://doi.org/10.1051/0004-6361/202142687}}

@article{Ban_cluster,
	adsnote = {Provided by the SAO/NASA Astrophysics Data System},
	adsurl = {https://ui.adsabs.harvard.edu/abs/2019A&A...632A.116S},
	archiveprefix = {arXiv},
	author = {{Shahzamanian}, B. and {Sch{\"o}del}, R. and {Nogueras-Lara}, F. and {Dong}, H. and {Gallego-Cano}, E. and {Gallego-Calvente}, A.~T. and {Gardini}, A.},
	date-added = {2025-07-17 18:42:37 +0200},
	date-modified = {2025-07-17 18:42:37 +0200},
	doi = {10.1051/0004-6361/201936579},
	eid = {A116},
	eprint = {1910.07940},
	journal = {\aap},
	keywords = {Galaxy: center, infrared: general, proper motions, Astrophysics - Astrophysics of Galaxies},
	month = dec,
	pages = {A116},
	primaryclass = {astro-ph.GA},
	title = {{First results from a large-scale proper motion study of the Galactic centre}},
	volume = {632},
	year = 2019,
	bdsk-file-1 = {YnBsaXN0MDDSAQIDBFxyZWxhdGl2ZVBhdGhYYm9va21hcmtfECsuLi8uLi8uLi9QYXJhX2xlZXIvQmFuL1NoYWh6YW1hbmlhbjIwMTkucGRmTxEEZGJvb2tkBAAAAAAEEDAAAAAAAAAAAAAAAAAAAAAAAAAAAAAAAAAAAAAAAAAAAAAAAFQDAAAFAAAAAQEAAFVzZXJzAAAACQAAAAEBAABhbWFydGluZXoAAAAHAAAAAQEAAERlc2t0b3AAAwAAAAEBAABQaEQACQAAAAEBAABQYXJhX2xlZXIAAAADAAAAAQEAAEJhbgAUAAAAAQEAAFNoYWh6YW1hbmlhbjIwMTkucGRmHAAAAAEGAAAEAAAAFAAAACgAAAA4AAAARAAAAFgAAABkAAAACAAAAAQDAAAdQgAAAAAAAAgAAAAEAwAAhBcEAAAAAAAIAAAABAMAAFvBBAAAAAAACAAAAAQDAAB1xwQAAAAAAAgAAAAEAwAAMkYHAAAAAAAIAAAABAMAADdGBwAAAAAACAAAAAQDAABLRgcAAAAAABwAAAABBgAApAAAALQAAADEAAAA1AAAAOQAAAD0AAAABAEAAAgAAAAABAAAQcQVLtsAAAAYAAAAAQIAAAEAAAAAAAAADwAAAAAAAAAAAAAAAAAAAAgAAAAEAwAABQAAAAAAAAAEAAAAAwMAAPUBAAAIAAAAAQkAAGZpbGU6Ly8vDAAAAAEBAABNYWNpbnRvc2ggSEQIAAAABAMAAAAgRYzQAQAACAAAAAAEAABBxnOILIAAACQAAAABAQAARkY0OTlBNDUtRDlENi00RTRFLUFCQUEtOTk4OUYyMTg1QjM0GAAAAAECAACBAAAAAQAAAO8TAAABAAAAAAAAAAAAAAABAAAAAQEAAC8AAAAAAAAAAQUAABoAAAABAQAATlNVUkxEb2N1bWVudElkZW50aWZpZXJLZXkAAAQAAAADAwAAlwAAAPEAAAABAgAAZTA5YmNmNjIxMWU0OWFhNDczYzljYWY1NDkwMzFhZWZiMzE1YjczYzc5NWQ3OTI3Mzg0MWI0NzkyNWUxNGY5OTswMDswMDAwMDAwMDswMDAwMDAwMDswMDAwMDAwMDswMDAwMDAwMDAwMDAwMDIwO2NvbS5hcHBsZS5hcHAtc2FuZGJveC5yZWFkLXdyaXRlOzAxOzAxMDAwMDBmOzAwMDAwMDAwMDAwNzQ2NGI7NTg7L3VzZXJzL2FtYXJ0aW5lei9kZXNrdG9wL3BoZC9wYXJhX2xlZXIvYmFuL3NoYWh6YW1hbmlhbjIwMTkucGRmAAAAANgAAAD+////AQAAAAAAAAARAAAABBAAAIAAAAAAAAAABRAAABQBAAAAAAAAEBAAAEgBAAAAAAAAQBAAADgBAAAAAAAAAiAAABQCAAAAAAAABSAAAIQBAAAAAAAAECAAAJQBAAAAAAAAESAAAMgBAAAAAAAAEiAAAKgBAAAAAAAAEyAAALgBAAAAAAAAICAAAPQBAAAAAAAAMCAAACACAAAAAAAAAcAAAGgBAAAAAAAAEcAAABQAAAAAAAAAEsAAAHgBAAAAAAAAgPAAAFgCAAAAAAAAKAIAgEwCAAAAAAAAAAgADQAaACMAUQAAAAAAAAIBAAAAAAAAAAUAAAAAAAAAAAAAAAAAAAS5},
	bdsk-url-1 = {https://doi.org/10.1051/0004-6361/201936579}}

@article{Sormani2022,
	adsnote = {Provided by the SAO/NASA Astrophysics Data System},
	adsurl = {https://ui.adsabs.harvard.edu/abs/2022MNRAS.512.1857S},
	archiveprefix = {arXiv},
	author = {{Sormani}, Mattia C. and {Sanders}, Jason L. and {Fritz}, Tobias K. and {Smith}, Leigh C. and {Gerhard}, Ortwin and {Sch{\"o}del}, Rainer and {Magorrian}, John and {Neumayer}, Nadine and {Nogueras-Lara}, Francisco and {Feldmeier-Krause}, Anja and {Mastrobuono-Battisti}, Alessandra and {Schultheis}, Mathias and {Shahzamanian}, Banafsheh and {Vasiliev}, Eugene and {Klessen}, Ralf S. and {Lucas}, Philip and {Minniti}, Dante},
	date-added = {2025-07-17 18:42:15 +0200},
	date-modified = {2025-07-17 18:42:15 +0200},
	doi = {10.1093/mnras/stac639},
	eprint = {2111.12713},
	journal = {\mnras},
	keywords = {Galaxy: centre, Galaxy: kinematics and dynamics, Galaxy: structure, Astrophysics - Astrophysics of Galaxies},
	month = may,
	number = {2},
	pages = {1857-1884},
	primaryclass = {astro-ph.GA},
	title = {{Self-consistent modelling of the Milky Way's nuclear stellar disc}},
	volume = {512},
	year = 2022,
	bdsk-url-1 = {https://doi.org/10.1093/mnras/stac639}}

@article{Sch2015,
	abstract = {We report the detection of the Galactic nuclear disk in line-of-sight kinematics of stars, measured with infrared spectroscopy from the Apache Point Galactic Evolution Experiment. This stellar component of the nuclear disk has an extent and rotation velocity V ∼ comparable to the gas disk in the central molecular zone. The current data suggest that this disk is kinematically cool and has a small vertical extent of the order of 50 pc. The stellar kinematics suggest a truncation radius/steep decline of the stellar disk at a galactocentric radius R ∼ 150 pc and provide tentative evidence for an overdensity at the position of the ring found in the molecular gas disk.},
	author = {Ralph Schonrich and Michael Aumer and Stuart E. Sale},
	date-added = {2025-07-17 18:42:10 +0200},
	date-modified = {2025-07-17 18:42:10 +0200},
	doi = {10.1088/2041-8205/812/2/l21},
	journal = {The Astrophysical Journal},
	month = {oct},
	number = {2},
	pages = {L21},
	publisher = {American Astronomical Society},
	title = {{KINEMATIC} {DETECTION} {OF} {THE} {GALACTIC} {NUCLEAR} {DISK}},
	url = {https://doi.org/10.1088/2041-8205/812/2/l21},
	volume = {812},
	year = 2015,
	bdsk-url-1 = {https://doi.org/10.1088/2041-8205/812/2/l21}}

@article{GC_distance_gravity,
	adsnote = {Provided by the SAO/NASA Astrophysics Data System},
	adsurl = {https://ui.adsabs.harvard.edu/abs/2020A&A...636L...5G},
	archiveprefix = {arXiv},
	author = {{GRAVITY Collaboration} and {Abuter}, R. and {Amorim}, A. and {Baub{\"o}ck}, M. and {Berger}, J.~P. and {Bonnet}, H. and {Brandner}, W. and {Cardoso}, V. and {Cl{\'e}net}, Y. and {de Zeeuw}, P.~T. and {Dexter}, J. and {Eckart}, A. and {Eisenhauer}, F. and {F{\"o}rster Schreiber}, N.~M. and {Garcia}, P. and {Gao}, F. and {Gendron}, E. and {Genzel}, R. and {Gillessen}, S. and {Habibi}, M. and {Haubois}, X. and {Henning}, T. and {Hippler}, S. and {Horrobin}, M. and {Jim{\'e}nez-Rosales}, A. and {Jochum}, L. and {Jocou}, L. and {Kaufer}, A. and {Kervella}, P. and {Lacour}, S. and {Lapeyr{\`e}re}, V. and {Le Bouquin}, J. -B. and {L{\'e}na}, P. and {Nowak}, M. and {Ott}, T. and {Paumard}, T. and {Perraut}, K. and {Perrin}, G. and {Pfuhl}, O. and {Rodr{\'\i}guez-Coira}, G. and {Shangguan}, J. and {Scheithauer}, S. and {Stadler}, J. and {Straub}, O. and {Straubmeier}, C. and {Sturm}, E. and {Tacconi}, L.~J. and {Vincent}, F. and {von Fellenberg}, S. and {Waisberg}, I. and {Widmann}, F. and {Wieprecht}, E. and {Wiezorrek}, E. and {Woillez}, J. and {Yazici}, S. and {Zins}, G.},
	date-added = {2025-07-17 18:41:39 +0200},
	date-modified = {2025-07-17 18:41:39 +0200},
	doi = {10.1051/0004-6361/202037813},
	eid = {L5},
	eprint = {2004.07187},
	journal = {\aap},
	keywords = {black hole physics, Galaxy: nucleus, gravitation, relativistic processes, Astrophysics - Astrophysics of Galaxies, Astrophysics - Instrumentation and Methods for Astrophysics, General Relativity and Quantum Cosmology},
	month = apr,
	pages = {L5},
	primaryclass = {astro-ph.GA},
	title = {{Detection of the Schwarzschild precession in the orbit of the star S2 near the Galactic centre massive black hole}},
	volume = {636},
	year = 2020,
	bdsk-url-1 = {https://doi.org/10.1051/0004-6361/202037813}}

@article{Candela,
	adsnote = {Provided by the SAO/NASA Astrophysics Data System},
	adsurl = {https://ui.adsabs.harvard.edu/abs/2024A&A...685L...7M},
	author = {{Mart{\'\i}nez-Arranz}, A. and {Sch{\"o}del}, R. and {Nogueras-Lara}, F. and {Najarro}, F. and {Castellanos}, R. and {Fedriani}, R.},
	date-added = {2025-07-17 16:25:09 +0200},
	date-modified = {2025-07-17 16:25:20 +0200},
	doi = {10.1051/0004-6361/202449877},
	eid = {L7},
	journal = {\aap},
	keywords = {proper motions, Galaxy: nucleus, Galaxy: structure},
	month = may,
	pages = {L7},
	title = {{Spectroscopic evidence of a possible young stellar cluster at the Galactic Center}},
	volume = {685},
	year = 2024,
	bdsk-url-1 = {https://doi.org/10.1051/0004-6361/202449877}}

@article{VVVpm,
	adsnote = {Provided by the SAO/NASA Astrophysics Data System},
	adsurl = {https://ui.adsabs.harvard.edu/abs/2024A&A...687A..94G},
	archiveprefix = {arXiv},
	author = {{Griggio}, M. and {Libralato}, M. and {Bellini}, A. and {Bedin}, L.~R. and {Anderson}, J. and {Smith}, L.~C. and {Minniti}, D.},
	date-added = {2025-07-17 13:35:33 +0200},
	date-modified = {2025-07-17 13:35:43 +0200},
	doi = {10.1051/0004-6361/202449560},
	eid = {A94},
	eprint = {2403.12219},
	journal = {\aap},
	keywords = {astrometry, parallaxes, proper motions, Astrophysics - Astrophysics of Galaxies, Astrophysics - Instrumentation and Methods for Astrophysics, Astrophysics - Solar and Stellar Astrophysics},
	month = jul,
	pages = {A94},
	primaryclass = {astro-ph.GA},
	title = {{High-precision astrometry with VVV. II. A near-infrared extension of Gaia into the Galactic plane}},
	volume = {687},
	year = 2024,
	bdsk-url-1 = {https://doi.org/10.1051/0004-6361/202449560}}

@article{GDR3,
	adsnote = {Provided by the SAO/NASA Astrophysics Data System},
	adsurl = {https://ui.adsabs.harvard.edu/abs/2023A&A...674A...1G},
	archiveprefix = {arXiv},
	author = {{Gaia Collaboration} and {Vallenari}, A. and {Brown}, A.~G.~A. and {Prusti}, T. and {de Bruijne}, J.~H.~J. and {Arenou}, F. and {Babusiaux}, C. and {Biermann}, M. and {Creevey}, O.~L. and {Ducourant}, C. and {Evans}, D.~W. and {Eyer}, L. and {Guerra}, R. and {Hutton}, A. and {Jordi}, C. and {Klioner}, S.~A. and {Lammers}, U.~L. and {Lindegren}, L. and {Luri}, X. and {Mignard}, F. and {Panem}, C. and {Pourbaix}, D. and {Randich}, S. and {Sartoretti}, P. and {Soubiran}, C. and {Tanga}, P. and {Walton}, N.~A. and {Bailer-Jones}, C.~A.~L. and {Bastian}, U. and {Drimmel}, R. and {Jansen}, F. and {Katz}, D. and {Lattanzi}, M.~G. and {van Leeuwen}, F. and {Bakker}, J. and {Cacciari}, C. and {Casta{\~n}eda}, J. and {De Angeli}, F. and {Fabricius}, C. and {Fouesneau}, M. and {Fr{\'e}mat}, Y. and {Galluccio}, L. and {Guerrier}, A. and {Heiter}, U. and {Masana}, E. and {Messineo}, R. and {Mowlavi}, N. and {Nicolas}, C. and {Nienartowicz}, K. and {Pailler}, F. and {Panuzzo}, P. and {Riclet}, F. and {Roux}, W. and {Seabroke}, G.~M. and {Sordo}, R. and {Th{\'e}venin}, F. and {Gracia-Abril}, G. and {Portell}, J. and {Teyssier}, D. and {Altmann}, M. and {Andrae}, R. and {Audard}, M. and {Bellas-Velidis}, I. and {Benson}, K. and {Berthier}, J. and {Blomme}, R. and {Burgess}, P.~W. and {Busonero}, D. and {Busso}, G. and {C{\'a}novas}, H. and {Carry}, B. and {Cellino}, A. and {Cheek}, N. and {Clementini}, G. and {Damerdji}, Y. and {Davidson}, M. and {de Teodoro}, P. and {Nu{\~n}ez Campos}, M. and {Delchambre}, L. and {Dell'Oro}, A. and {Esquej}, P. and {Fern{\'a}ndez-Hern{\'a}ndez}, J. and {Fraile}, E. and {Garabato}, D. and {Garc{\'\i}a-Lario}, P. and {Gosset}, E. and {Haigron}, R. and {Halbwachs}, J. -L. and {Hambly}, N.~C. and {Harrison}, D.~L. and {Hern{\'a}ndez}, J. and {Hestroffer}, D. and {Hodgkin}, S.~T. and {Holl}, B. and {Jan{\ss}en}, K. and {Jevardat de Fombelle}, G. and {Jordan}, S. and {Krone-Martins}, A. and {Lanzafame}, A.~C. and {L{\"o}ffler}, W. and {Marchal}, O. and {Marrese}, P.~M. and {Moitinho}, A. and {Muinonen}, K. and {Osborne}, P. and {Pancino}, E. and {Pauwels}, T. and {Recio-Blanco}, A. and {Reyl{\'e}}, C. and {Riello}, M. and {Rimoldini}, L. and {Roegiers}, T. and {Rybizki}, J. and {Sarro}, L.~M. and {Siopis}, C. and {Smith}, M. and {Sozzetti}, A. and {Utrilla}, E. and {van Leeuwen}, M. and {Abbas}, U. and {{\'A}brah{\'a}m}, P. and {Abreu Aramburu}, A. and {Aerts}, C. and {Aguado}, J.~J. and {Ajaj}, M. and {Aldea-Montero}, F. and {Altavilla}, G. and {{\'A}lvarez}, M.~A. and {Alves}, J. and {Anders}, F. and {Anderson}, R.~I. and {Anglada Varela}, E. and {Antoja}, T. and {Baines}, D. and {Baker}, S.~G. and {Balaguer-N{\'u}{\~n}ez}, L. and {Balbinot}, E. and {Balog}, Z. and {Barache}, C. and {Barbato}, D. and {Barros}, M. and {Barstow}, M.~A. and {Bartolom{\'e}}, S. and {Bassilana}, J. -L. and {Bauchet}, N. and {Becciani}, U. and {Bellazzini}, M. and {Berihuete}, A. and {Bernet}, M. and {Bertone}, S. and {Bianchi}, L. and {Binnenfeld}, A. and {Blanco-Cuaresma}, S. and {Blazere}, A. and {Boch}, T. and {Bombrun}, A. and {Bossini}, D. and {Bouquillon}, S. and {Bragaglia}, A. and {Bramante}, L. and {Breedt}, E. and {Bressan}, A. and {Brouillet}, N. and {Brugaletta}, E. and {Bucciarelli}, B. and {Burlacu}, A. and {Butkevich}, A.~G. and {Buzzi}, R. and {Caffau}, E. and {Cancelliere}, R. and {Cantat-Gaudin}, T. and {Carballo}, R. and {Carlucci}, T. and {Carnerero}, M.~I. and {Carrasco}, J.~M. and {Casamiquela}, L. and {Castellani}, M. and {Castro-Ginard}, A. and {Chaoul}, L. and {Charlot}, P. and {Chemin}, L. and {Chiaramida}, V. and {Chiavassa}, A. and {Chornay}, N. and {Comoretto}, G. and {Contursi}, G. and {Cooper}, W.~J. and {Cornez}, T. and {Cowell}, S. and {Crifo}, F. and {Cropper}, M. and {Crosta}, M. and {Crowley}, C. and {Dafonte}, C. and {Dapergolas}, A. and {David}, M. and {David}, P. and {de Laverny}, P. and {De Luise}, F. and {De March}, R.},
	date-added = {2025-07-15 20:40:31 +0200},
	date-modified = {2025-07-15 20:40:38 +0200},
	doi = {10.1051/0004-6361/202243940},
	eid = {A1},
	eprint = {2208.00211},
	journal = {\aap},
	keywords = {techniques: photometric, techniques: spectroscopic, techniques: radial velocities, catalogs, astrometry, parallaxes, Astrophysics - Astrophysics of Galaxies},
	month = jun,
	pages = {A1},
	primaryclass = {astro-ph.GA},
	title = {{Gaia Data Release 3. Summary of the content and survey properties}},
	volume = {674},
	year = 2023,
	bdsk-url-1 = {https://doi.org/10.1051/0004-6361/202243940}}

@article{Astroalign,
	adsnote = {Provided by the SAO/NASA Astrophysics Data System},
	adsurl = {https://ui.adsabs.harvard.edu/abs/2020A&C....3200384B},
	archiveprefix = {arXiv},
	author = {{Beroiz}, M. and {Cabral}, J.~B. and {Sanchez}, B.},
	date-added = {2025-07-15 20:14:01 +0200},
	date-modified = {2025-07-15 20:14:23 +0200},
	doi = {10.1016/j.ascom.2020.100384},
	eid = {100384},
	eprint = {1909.02946},
	journal = {Astronomy and Computing},
	keywords = {Astronomy, Image registration, Python package, Astrophysics - Instrumentation and Methods for Astrophysics, Computer Science - Computer Vision and Pattern Recognition},
	month = jul,
	pages = {100384},
	primaryclass = {astro-ph.IM},
	title = {{Astroalign: A Python module for astronomical image registration}},
	volume = {32},
	year = 2020,
	bdsk-url-1 = {https://doi.org/10.1016/j.ascom.2020.100384}}

@inproceedings{SWARP,
	adsnote = {Provided by the SAO/NASA Astrophysics Data System},
	adsurl = {https://ui.adsabs.harvard.edu/abs/2002ASPC..281..228B},
	author = {{Bertin}, Emmanuel and {Mellier}, Yannick and {Radovich}, Mario and {Missonnier}, Gilles and {Didelon}, Pierre and {Morin}, Bertrand},
	booktitle = {Astronomical Data Analysis Software and Systems XI},
	date-added = {2025-07-14 20:13:50 +0200},
	date-modified = {2025-07-14 20:14:01 +0200},
	editor = {{Bohlender}, David A. and {Durand}, Daniel and {Handley}, Thomas H.},
	keywords = {astronomy: optical, astronomy: software, pipelines: data reduction, software: package, software: development, software: data analysis, data analysis, databases, distributed processing},
	month = jan,
	pages = {228},
	series = {Astronomical Society of the Pacific Conference Series},
	title = {{The TERAPIX Pipeline}},
	volume = {281},
	year = 2002}

@article{SEx,
	adsnote = {Provided by the SAO/NASA Astrophysics Data System},
	adsurl = {https://ui.adsabs.harvard.edu/abs/1996A&AS..117..393B},
	author = {{Bertin}, E. and {Arnouts}, S.},
	date-added = {2025-07-14 19:33:24 +0200},
	date-modified = {2025-07-14 19:33:36 +0200},
	doi = {10.1051/aas:1996164},
	journal = {\aaps},
	keywords = {METHODS: DATA ANALYSIS, TECHNIQUES: IMAGE PROCESSING, GALAXIES: PHOTOMETRY},
	month = jun,
	pages = {393-404},
	title = {{SExtractor: Software for source extraction.}},
	volume = {117},
	year = 1996,
	bdsk-url-1 = {https://doi.org/10.1051/aas:1996164}}

@article{2013A&A...554A.101B,
	adsnote = {Provided by the SAO/NASA Astrophysics Data System},
	adsurl = {https://ui.adsabs.harvard.edu/abs/2013A&A...554A.101B},
	archiveprefix = {arXiv},
	author = {{Bouy}, H. and {Bertin}, E. and {Moraux}, E. and {Cuillandre}, J. -C. and {Bouvier}, J. and {Barrado}, D. and {Solano}, E. and {Bayo}, A.},
	date-added = {2025-07-14 18:54:45 +0200},
	date-modified = {2025-07-14 18:54:45 +0200},
	doi = {10.1051/0004-6361/201220748},
	eid = {A101},
	eprint = {1306.4446},
	journal = {\aap},
	keywords = {astrometry, proper motions, stars: kinematics and dynamics, Astrophysics - Instrumentation and Methods for Astrophysics},
	month = jun,
	pages = {A101},
	primaryclass = {astro-ph.IM},
	title = {{Dynamical analysis of nearby clusters. Automated astrometry from the ground: precision proper motions over a wide field}},
	volume = {554},
	year = 2013,
	bdsk-url-1 = {https://doi.org/10.1051/0004-6361/201220748}}

@inproceedings{SCAMP,
	adsnote = {Provided by the SAO/NASA Astrophysics Data System},
	adsurl = {https://ui.adsabs.harvard.edu/abs/2006ASPC..351..112B},
	author = {{Bertin}, E.},
	booktitle = {Astronomical Data Analysis Software and Systems XV},
	date-added = {2025-07-14 18:25:48 +0200},
	date-modified = {2025-07-14 18:25:55 +0200},
	editor = {{Gabriel}, C. and {Arviset}, C. and {Ponz}, D. and {Enrique}, S.},
	month = jul,
	pages = {112},
	series = {Astronomical Society of the Pacific Conference Series},
	title = {{Automatic Astrometric and Photometric Calibration with SCAMP}},
	volume = {351},
	year = 2006}

@inproceedings{GRAAL,
	adsnote = {Provided by the SAO/NASA Astrophysics Data System},
	adsurl = {https://ui.adsabs.harvard.edu/abs/2010SPIE.7736E..1PP},
	author = {{Paufique}, J. and {Bruton}, A. and {Glindemann}, A. and {Jost}, A. and {Kolb}, J. and {Jochum}, L. and {Le Louarn}, M. and {Kiekebusch}, M. and {Hubin}, N. and {Madec}, P. -Y. and {Conzelmann}, R. and {Siebenmorgen}, R. and {Donaldson}, R. and {Arsenault}, R. and {Tordo}, S.},
	booktitle = {Adaptive Optics Systems II},
	date-added = {2025-07-14 17:51:08 +0200},
	date-modified = {2025-07-14 17:51:17 +0200},
	doi = {10.1117/12.858261},
	editor = {{Ellerbroek}, Brent L. and {Hart}, Michael and {Hubin}, Norbert and {Wizinowich}, Peter L.},
	eid = {77361P},
	month = jul,
	pages = {77361P},
	series = {Society of Photo-Optical Instrumentation Engineers (SPIE) Conference Series},
	title = {{GRAAL: a seeing enhancer for the NIR wide-field imager Hawk-I}},
	volume = {7736},
	year = 2010,
	bdsk-url-1 = {https://doi.org/10.1117/12.858261}}

@article{Holography,
	adsnote = {Provided by the SAO/NASA Astrophysics Data System},
	adsurl = {https://ui.adsabs.harvard.edu/abs/2013MNRAS.429.1367S},
	archiveprefix = {arXiv},
	author = {{Sch{\"o}del}, R. and {Yelda}, S. and {Ghez}, A. and {Girard}, J.~H. and {Labadie}, L. and {Rebolo}, R. and {P{\'e}rez-Garrido}, A. and {Morris}, M.~R.},
	date-added = {2025-07-14 17:42:18 +0200},
	date-modified = {2025-07-14 17:42:26 +0200},
	doi = {10.1093/mnras/sts420},
	eprint = {1110.2261},
	journal = {\mnras},
	keywords = {atmospheric effects, instrumentation: adaptive optics, instrumentation: high angular resolution, methods: observational, techniques: high angular resolution, techniques: image processing, Astrophysics - Instrumentation and Methods for Astrophysics},
	month = feb,
	number = {2},
	pages = {1367-1375},
	primaryclass = {astro-ph.IM},
	title = {{Holographic imaging of crowded fields: high angular resolution imaging with excellent quality at very low cost}},
	volume = {429},
	year = 2013,
	bdsk-url-1 = {https://doi.org/10.1093/mnras/sts420}}

@inproceedings{Spitzer_image,
	adsnote = {Provided by the SAO/NASA Astrophysics Data System},
	adsurl = {https://ui.adsabs.harvard.edu/abs/2006JPhCS..54..176S},
	author = {{Stolovy}, S. and {Ramirez}, S. and {Arendt}, R.~G. and {Cotera}, A. and {Yusef-Zadeh}, F. and {Law}, C. and {Gezari}, D. and {Sellgren}, K. and {Karr}, J. and {Moseley}, H. and {Smith}, H.~A.},
	booktitle = {Journal of Physics Conference Series},
	date-added = {2025-07-14 17:37:45 +0200},
	date-modified = {2025-07-14 17:38:01 +0200},
	doi = {10.1088/1742-6596/54/1/030},
	editor = {{Sch{\"o}del}, Rainer and {Bower}, Geoffrey C. and {Muno}, Michael P. and {Nayakshin}, Sergei and {Ott}, Thomas},
	month = dec,
	pages = {176-182},
	publisher = {IOP},
	series = {Journal of Physics Conference Series},
	title = {{A mid-infrared survey of the inner 2 {\texttimes} 1.5 degrees of the Galaxy with Spitzer/IRAC}},
	volume = {54},
	year = 2006,
	bdsk-url-1 = {https://doi.org/10.1088/1742-6596/54/1/030}}

@article{HAWKI,
	adsnote = {Provided by the SAO/NASA Astrophysics Data System},
	adsurl = {https://ui.adsabs.harvard.edu/abs/2008A&A...491..941K},
	author = {{Kissler-Patig}, M. and {Pirard}, J. -F. and {Casali}, M. and {Moorwood}, A. and {Ageorges}, N. and {Alves de Oliveira}, C. and {Baksai}, P. and {Bedin}, L.~R. and {Bendek}, E. and {Biereichel}, P. and {Delabre}, B. and {Dorn}, R. and {Esteves}, R. and {Finger}, G. and {Gojak}, D. and {Huster}, G. and {Jung}, Y. and {Kiekebush}, M. and {Klein}, B. and {Koch}, F. and {Lizon}, J. -L. and {Mehrgan}, L. and {Petr-Gotzens}, M. and {Pritchard}, J. and {Selman}, F. and {Stegmeier}, J.},
	date-added = {2025-07-14 13:24:37 +0200},
	date-modified = {2025-07-14 13:24:52 +0200},
	doi = {10.1051/0004-6361:200809910},
	journal = {\aap},
	keywords = {instrumentation: miscellaneous, infrared: general},
	month = dec,
	number = {3},
	pages = {941-950},
	title = {{HAWK-I: the high-acuity wide-field K-band imager for the ESO Very Large Telescope}},
	volume = {491},
	year = 2008,
	bdsk-url-1 = {https://doi.org/10.1051/0004-6361:200809910}}

@article{GNSI,
	adsnote = {Provided by the SAO/NASA Astrophysics Data System},
	adsurl = {https://ui.adsabs.harvard.edu/abs/2018A&A...610A..83N},
	archiveprefix = {arXiv},
	author = {{Nogueras-Lara}, F. and {Gallego-Calvente}, A.~T. and {Dong}, H. and {Gallego-Cano}, E. and {Girard}, J.~H.~V. and {Hilker}, M. and {de Zeeuw}, P.~T. and {Feldmeier-Krause}, A. and {Nishiyama}, S. and {Najarro}, F. and {Neumayer}, N. and {Sch{\"o}del}, R.},
	date-added = {2025-07-14 10:09:35 +0200},
	date-modified = {2025-07-14 10:09:35 +0200},
	doi = {10.1051/0004-6361/201732002},
	eid = {A83},
	eprint = {1709.09094},
	journal = {\aap},
	keywords = {Galaxy: nucleus, dust, extinction, Galaxy: center, stars: horizontal-branch, Astrophysics - Astrophysics of Galaxies},
	month = mar,
	pages = {A83},
	primaryclass = {astro-ph.GA},
	title = {{GALACTICNUCLEUS: A high angular resolution JHK$_{s}$ imaging survey of the Galactic centre. I. Methodology, performance, and near-infrared extinction towards the Galactic centre}},
	volume = {610},
	year = 2018,
	bdsk-file-1 = {YnBsaXN0MDDSAQIDBFxyZWxhdGl2ZVBhdGhYYm9va21hcmtfECouLi8uLi8uLi9QYXJhX2xlZXIvUGFjby9OT2d1ZXJhc18yMDE4YS5wZGZPEQQkYm9vayQEAAAAAAQQMAAAAAAAAAAAAAAAAAAAAAAAAAAAAAAAAAAAAAAAAAAAAAAAIAMAAAUAAAABAQAAVXNlcnMAAAAJAAAAAQEAAGFtYXJ0aW5legAAAAcAAAABAQAARGVza3RvcAADAAAAAQEAAFBoRAAJAAAAAQEAAFBhcmFfbGVlcgAAAAQAAAABAQAAUGFjbxIAAAABAQAATk9ndWVyYXNfMjAxOGEucGRmAAAcAAAAAQYAAAQAAAAUAAAAKAAAADgAAABEAAAAWAAAAGQAAAAIAAAABAMAAB1CAAAAAAAACAAAAAQDAACEFwQAAAAAAAgAAAAEAwAAW8EEAAAAAAAIAAAABAMAAHXHBAAAAAAACAAAAAQDAAAyRgcAAAAAAAgAAAAEAwAAf0YHAAAAAAAIAAAABAMAAIZGBwAAAAAAHAAAAAEGAACkAAAAtAAAAMQAAADUAAAA5AAAAPQAAAAEAQAACAAAAAAEAABBxB3TxYAAABgAAAABAgAAAQAAAAAAAAAPAAAAAAAAAAAAAAAAAAAACAAAAAQDAAAFAAAAAAAAAAQAAAADAwAA9QEAAAgAAAABCQAAZmlsZTovLy8MAAAAAQEAAE1hY2ludG9zaCBIRAgAAAAEAwAAACBFjNABAAAIAAAAAAQAAEHGc4gsgAAAJAAAAAEBAABGRjQ5OUE0NS1EOUQ2LTRFNEUtQUJBQS05OTg5RjIxODVCMzQYAAAAAQIAAIEAAAABAAAA7xMAAAEAAAAAAAAAAAAAAAEAAAABAQAALwAAAAAAAAABBQAA8AAAAAECAAA3OWQ1MGI3MTU3ZTVkN2Q4NDYyNzYyZGM3NjRiYTRlYTIyZWI3NmIzNTQ0ODhhMzI3NjU3YWJiMjcxMzdkYzBmOzAwOzAwMDAwMDAwOzAwMDAwMDAwOzAwMDAwMDAwOzAwMDAwMDAwMDAwMDAwMjA7Y29tLmFwcGxlLmFwcC1zYW5kYm94LnJlYWQtd3JpdGU7MDE7MDEwMDAwMGY7MDAwMDAwMDAwMDA3NDY4Njs1ODsvdXNlcnMvYW1hcnRpbmV6L2Rlc2t0b3AvcGhkL3BhcmFfbGVlci9wYWNvL25vZ3VlcmFzXzIwMThhLnBkZgDMAAAA/v///wEAAAAAAAAAEAAAAAQQAACAAAAAAAAAAAUQAAAUAQAAAAAAABAQAABIAQAAAAAAAEAQAAA4AQAAAAAAAAIgAAAUAgAAAAAAAAUgAACEAQAAAAAAABAgAACUAQAAAAAAABEgAADIAQAAAAAAABIgAACoAQAAAAAAABMgAAC4AQAAAAAAACAgAAD0AQAAAAAAADAgAAAgAgAAAAAAAAHAAABoAQAAAAAAABHAAAAUAAAAAAAAABLAAAB4AQAAAAAAAIDwAAAoAgAAAAAAAAAIAA0AGgAjAFAAAAAAAAACAQAAAAAAAAAFAAAAAAAAAAAAAAAAAAAEeA==},
	bdsk-url-1 = {https://doi.org/10.1051/0004-6361/201732002}}

@article{GNSII,
	adsnote = {Provided by the SAO/NASA Astrophysics Data System},
	adsurl = {https://ui.adsabs.harvard.edu/abs/2019A&A...631A..20N},
	archiveprefix = {arXiv},
	author = {{Nogueras-Lara}, F. and {Sch{\"o}del}, R. and {Gallego-Calvente}, A.~T. and {Dong}, H. and {Gallego-Cano}, E. and {Shahzamanian}, B. and {Girard}, J.~H.~V. and {Nishiyama}, S. and {Najarro}, F. and {Neumayer}, N.},
	date-added = {2025-07-14 10:09:35 +0200},
	date-modified = {2025-07-14 10:09:35 +0200},
	doi = {10.1051/0004-6361/201936263},
	eid = {A20},
	eprint = {1908.10366},
	journal = {\aap},
	keywords = {Galaxy: center, Galaxy: bulge, Galaxy: structure, stars: horizontal-branch, dust, extinction, Astrophysics - Astrophysics of Galaxies, Astrophysics - Instrumentation and Methods for Astrophysics, Astrophysics - Solar and Stellar Astrophysics},
	month = nov,
	pages = {A20},
	primaryclass = {astro-ph.GA},
	title = {{GALACTICNUCLEUS: A high-angular-resolution JHK$_{s}$ imaging survey of the Galactic centre. II. First data release of the catalogue and the most detailed CMDs of the GC}},
	volume = {631},
	year = 2019,
	bdsk-file-1 = {YnBsaXN0MDDSAQIDBFxyZWxhdGl2ZVBhdGhYYm9va21hcmtfECQuLi8uLi8uLi9QYXJhX2xlZXIvZ2VuZXJhbC9HTlNJSS5wZGZPEQQcYm9vaxwEAAAAAAQQMAAAAAAAAAAAAAAAAAAAAAAAAAAAAAAAAAAAAAAAAAAAAAAAGAMAAAUAAAABAQAAVXNlcnMAAAAJAAAAAQEAAGFtYXJ0aW5legAAAAcAAAABAQAARGVza3RvcAADAAAAAQEAAFBoRAAJAAAAAQEAAFBhcmFfbGVlcgAAAAcAAAABAQAAZ2VuZXJhbAAJAAAAAQEAAEdOU0lJLnBkZgAAABwAAAABBgAABAAAABQAAAAoAAAAOAAAAEQAAABYAAAAaAAAAAgAAAAEAwAAHUIAAAAAAAAIAAAABAMAAIQXBAAAAAAACAAAAAQDAABbwQQAAAAAAAgAAAAEAwAAdccEAAAAAAAIAAAABAMAADJGBwAAAAAACAAAAAQDAADzRgcAAAAAAAgAAAAEAwAABkcHAAAAAAAcAAAAAQYAAKAAAACwAAAAwAAAANAAAADgAAAA8AAAAAABAAAIAAAAAAQAAEHFT7CzgAAAGAAAAAECAAABAAAAAAAAAA8AAAAAAAAAAAAAAAAAAAAIAAAABAMAAAUAAAAAAAAABAAAAAMDAAD1AQAACAAAAAEJAABmaWxlOi8vLwwAAAABAQAATWFjaW50b3NoIEhECAAAAAQDAAAAIEWM0AEAAAgAAAAABAAAQcZziCyAAAAkAAAAAQEAAEZGNDk5QTQ1LUQ5RDYtNEU0RS1BQkFBLTk5ODlGMjE4NUIzNBgAAAABAgAAgQAAAAEAAADvEwAAAQAAAAAAAAAAAAAAAQAAAAEBAAAvAAAAAAAAAAEFAADqAAAAAQIAADdiMDVjYjYxN2EzYzliZjZkNjIzNjBlYjZmMGM0NWQwOWQ5M2EyOWZjZmViZDAzMjBjZmMzZDNlZGMzYmI3ZDc7MDA7MDAwMDAwMDA7MDAwMDAwMDA7MDAwMDAwMDA7MDAwMDAwMDAwMDAwMDAyMDtjb20uYXBwbGUuYXBwLXNhbmRib3gucmVhZC13cml0ZTswMTswMTAwMDAwZjswMDAwMDAwMDAwMDc0NzA2OzU4Oy91c2Vycy9hbWFydGluZXovZGVza3RvcC9waGQvcGFyYV9sZWVyL2dlbmVyYWwvZ25zaWkucGRmAAAAzAAAAP7///8BAAAAAAAAABAAAAAEEAAAfAAAAAAAAAAFEAAAEAEAAAAAAAAQEAAARAEAAAAAAABAEAAANAEAAAAAAAACIAAAEAIAAAAAAAAFIAAAgAEAAAAAAAAQIAAAkAEAAAAAAAARIAAAxAEAAAAAAAASIAAApAEAAAAAAAATIAAAtAEAAAAAAAAgIAAA8AEAAAAAAAAwIAAAHAIAAAAAAAABwAAAZAEAAAAAAAARwAAAFAAAAAAAAAASwAAAdAEAAAAAAACA8AAAJAIAAAAAAAAACAANABoAIwBKAAAAAAAAAgEAAAAAAAAABQAAAAAAAAAAAAAAAAAABGo=},
	bdsk-url-1 = {https://doi.org/10.1051/0004-6361/201936263}}

@article{GNSIII,
	adsnote = {Provided by the SAO/NASA Astrophysics Data System},
	adsurl = {https://ui.adsabs.harvard.edu/abs/2020A&A...641A.141N},
	archiveprefix = {arXiv},
	author = {{Nogueras-Lara}, F. and {Sch{\"o}del}, R. and {Neumayer}, N. and {Gallego-Cano}, E. and {Shahzamanian}, B. and {Gallego-Calvente}, A.~T. and {Najarro}, F.},
	date-added = {2025-07-14 10:09:35 +0200},
	date-modified = {2025-07-14 10:09:35 +0200},
	doi = {10.1051/0004-6361/202038606},
	eid = {A141},
	eprint = {2007.04401},
	journal = {\aap},
	keywords = {Galaxy: center, Galaxy: bulge, Galaxy: structure, stars: horizontal-branch, dust, extinction, Astrophysics - Astrophysics of Galaxies},
	month = sep,
	pages = {A141},
	primaryclass = {astro-ph.GA},
	title = {{GALACTICNUCLEUS: A high angular-resolution JHK$_{s}$ imaging survey of the Galactic centre. III. Evidence for wavelength-dependence of the extinction curve in the near-infrared}},
	volume = {641},
	year = 2020,
	bdsk-url-1 = {https://doi.org/10.1051/0004-6361/202038606}}

@article{GNSIV,
	adsnote = {Provided by the SAO/NASA Astrophysics Data System},
	adsurl = {https://ui.adsabs.harvard.edu/abs/2021A&A...653A.133N},
	archiveprefix = {arXiv},
	author = {{Nogueras-Lara}, F. and {Sch{\"o}del}, R. and {Neumayer}, N.},
	date-added = {2025-07-14 10:09:35 +0200},
	date-modified = {2025-07-14 10:09:35 +0200},
	doi = {10.1051/0004-6361/202140996},
	eid = {A133},
	eprint = {2107.00021},
	journal = {\aap},
	keywords = {Galaxy: center, Galaxy: bulge, Galaxy: structure, stars: horizontal-branch, dust, extinction, Astrophysics - Astrophysics of Galaxies},
	month = sep,
	pages = {A133},
	primaryclass = {astro-ph.GA},
	title = {{GALACTICNUCLEUS: A high-angular-resolution JHK$_{s}$ imaging survey of the Galactic centre. IV. Extinction maps and de-reddened photometry}},
	volume = {653},
	year = 2021,
	bdsk-file-1 = {YnBsaXN0MDDSAQIDBFxyZWxhdGl2ZVBhdGhYYm9va21hcmtfECEuLi8uLi8uLi9QYXJhX2xlZXIvUGFjby9HTlNJVi5wZGZPEQQUYm9vaxQEAAAAAAQQMAAAAAAAAAAAAAAAAAAAAAAAAAAAAAAAAAAAAAAAAAAAAAAAEAMAAAUAAAABAQAAVXNlcnMAAAAJAAAAAQEAAGFtYXJ0aW5legAAAAcAAAABAQAARGVza3RvcAADAAAAAQEAAFBoRAAJAAAAAQEAAFBhcmFfbGVlcgAAAAQAAAABAQAAUGFjbwkAAAABAQAAR05TSVYucGRmAAAAHAAAAAEGAAAEAAAAFAAAACgAAAA4AAAARAAAAFgAAABkAAAACAAAAAQDAAAdQgAAAAAAAAgAAAAEAwAAhBcEAAAAAAAIAAAABAMAAFvBBAAAAAAACAAAAAQDAAB1xwQAAAAAAAgAAAAEAwAAMkYHAAAAAAAIAAAABAMAAH9GBwAAAAAACAAAAAQDAACERgcAAAAAABwAAAABBgAAnAAAAKwAAAC8AAAAzAAAANwAAADsAAAA/AAAAAgAAAAABAAAQcSA0JUAAAAYAAAAAQIAAAEAAAAAAAAADwAAAAAAAAAAAAAAAAAAAAgAAAAEAwAABQAAAAAAAAAEAAAAAwMAAPUBAAAIAAAAAQkAAGZpbGU6Ly8vDAAAAAEBAABNYWNpbnRvc2ggSEQIAAAABAMAAAAgRYzQAQAACAAAAAAEAABBxnOILIAAACQAAAABAQAARkY0OTlBNDUtRDlENi00RTRFLUFCQUEtOTk4OUYyMTg1QjM0GAAAAAECAACBAAAAAQAAAO8TAAABAAAAAAAAAAAAAAABAAAAAQEAAC8AAAAAAAAAAQUAAOcAAAABAgAANTU4YWU0YmQyODRhYmY0N2U2ZGQ3MWI2NzI5NjdlN2FjMjRkMDY1NTA0OWE0MDNjMzNmMDUyZWQzOWE2M2JjYzswMDswMDAwMDAwMDswMDAwMDAwMDswMDAwMDAwMDswMDAwMDAwMDAwMDAwMDIwO2NvbS5hcHBsZS5hcHAtc2FuZGJveC5yZWFkLXdyaXRlOzAxOzAxMDAwMDBmOzAwMDAwMDAwMDAwNzQ2ODQ7NTg7L3VzZXJzL2FtYXJ0aW5lei9kZXNrdG9wL3BoZC9wYXJhX2xlZXIvcGFjby9nbnNpdi5wZGYAAMwAAAD+////AQAAAAAAAAAQAAAABBAAAHgAAAAAAAAABRAAAAwBAAAAAAAAEBAAAEABAAAAAAAAQBAAADABAAAAAAAAAiAAAAwCAAAAAAAABSAAAHwBAAAAAAAAECAAAIwBAAAAAAAAESAAAMABAAAAAAAAEiAAAKABAAAAAAAAEyAAALABAAAAAAAAICAAAOwBAAAAAAAAMCAAABgCAAAAAAAAAcAAAGABAAAAAAAAEcAAABQAAAAAAAAAEsAAAHABAAAAAAAAgPAAACACAAAAAAAAAAgADQAaACMARwAAAAAAAAIBAAAAAAAAAAUAAAAAAAAAAAAAAAAAAARf},
	bdsk-url-1 = {https://doi.org/10.1051/0004-6361/202140996}}
